% bib file

@string{ aliceCollab   = "{The ALICE Collaboration. }" }
@string{ aliceAuth     = "{The ALICE Collaboration}" }
@string{ atlasCollab   = "{The ATLAS Collaboration. }" }
@string{ cmsCollab     = "{The CMS Collaboration. }" }
@string{ lhcbCollab    = "{The LHCb Collaboration. }" }
@string{ cdfCollab     = "{The CDF Collaboration. }" }
@string{ starCollab    = "{The STAR Collaboration. }" }
@string{ phenixCollab  = "{The PHENIX Collaboration. }" }